%YAML 1.1
%TAG !u! tag:unity3d.com,2011:
--- !u!1 &7281821340189656706
GameObject:
  m_ObjectHideFlags: 0
  m_CorrespondingSourceObject: {fileID: 0}
  m_PrefabInstance: {fileID: 0}
  m_PrefabAsset: {fileID: 0}
  serializedVersion: 6
  m_Component:
  - component: {fileID: 7834283786839979006}
  m_Layer: 0
  m_Name: Wonder
  m_TagString: Untagged
  m_Icon: {fileID: 0}
  m_NavMeshLayer: 0
  m_StaticEditorFlags: 0
  m_IsActive: 1
--- !u!4 &7834283786839979006
Transform:
  m_ObjectHideFlags: 0
  m_CorrespondingSourceObject: {fileID: 0}
  m_PrefabInstance: {fileID: 0}
  m_PrefabAsset: {fileID: 0}
  m_GameObject: {fileID: 7281821340189656706}
  m_LocalRotation: {x: 0, y: 0, z: 0, w: 1}
  m_LocalPosition: {x: 217.10014, y: -102.062454, z: -126.99057}
  m_LocalScale: {x: 1, y: 1, z: 1}
  m_Children:
  - {fileID: 8452927071148531395}
  - {fileID: 8452927071930007879}
  - {fileID: 8452927070776392928}
  - {fileID: 8452927071832978937}
  - {fileID: 8452927070346260739}
  - {fileID: 8452927072110293875}
  - {fileID: 8452927071996260599}
  - {fileID: 8452927070612346749}
  - {fileID: 8452927071976036533}
  - {fileID: 8452927072102380144}
  m_Father: {fileID: 0}
  m_RootOrder: 0
  m_LocalEulerAnglesHint: {x: 0, y: 0, z: 0}
--- !u!1001 &8452927070346032825
PrefabInstance:
  m_ObjectHideFlags: 0
  serializedVersion: 2
  m_Modification:
    m_TransformParent: {fileID: 7834283786839979006}
    m_Modifications:
    - target: {fileID: 493498, guid: c1d93223adc163f4cb1401a31dd1abd8, type: 3}
      propertyPath: m_LocalPosition.x
      value: -47.100143
      objectReference: {fileID: 0}
    - target: {fileID: 493498, guid: c1d93223adc163f4cb1401a31dd1abd8, type: 3}
      propertyPath: m_LocalPosition.y
      value: 102.062454
      objectReference: {fileID: 0}
    - target: {fileID: 493498, guid: c1d93223adc163f4cb1401a31dd1abd8, type: 3}
      propertyPath: m_LocalPosition.z
      value: 106.99057
      objectReference: {fileID: 0}
    - target: {fileID: 493498, guid: c1d93223adc163f4cb1401a31dd1abd8, type: 3}
      propertyPath: m_LocalRotation.x
      value: -0
      objectReference: {fileID: 0}
    - target: {fileID: 493498, guid: c1d93223adc163f4cb1401a31dd1abd8, type: 3}
      propertyPath: m_LocalRotation.y
      value: -0
      objectReference: {fileID: 0}
    - target: {fileID: 493498, guid: c1d93223adc163f4cb1401a31dd1abd8, type: 3}
      propertyPath: m_LocalRotation.z
      value: -0
      objectReference: {fileID: 0}
    - target: {fileID: 493498, guid: c1d93223adc163f4cb1401a31dd1abd8, type: 3}
      propertyPath: m_LocalRotation.w
      value: 1
      objectReference: {fileID: 0}
    - target: {fileID: 493498, guid: c1d93223adc163f4cb1401a31dd1abd8, type: 3}
      propertyPath: m_RootOrder
      value: 4
      objectReference: {fileID: 0}
    m_RemovedComponents: []
  m_SourcePrefab: {fileID: 100100000, guid: c1d93223adc163f4cb1401a31dd1abd8, type: 3}
--- !u!4 &8452927070346260739 stripped
Transform:
  m_CorrespondingSourceObject: {fileID: 493498, guid: c1d93223adc163f4cb1401a31dd1abd8,
    type: 3}
  m_PrefabInstance: {fileID: 8452927070346032825}
  m_PrefabAsset: {fileID: 0}
--- !u!1001 &8452927070612679551
PrefabInstance:
  m_ObjectHideFlags: 0
  serializedVersion: 2
  m_Modification:
    m_TransformParent: {fileID: 7834283786839979006}
    m_Modifications:
    - target: {fileID: 474114, guid: 5700d66aebc0ff8408a9be030e434797, type: 3}
      propertyPath: m_LocalPosition.x
      value: -177.10014
      objectReference: {fileID: 0}
    - target: {fileID: 474114, guid: 5700d66aebc0ff8408a9be030e434797, type: 3}
      propertyPath: m_LocalPosition.y
      value: 102.062454
      objectReference: {fileID: 0}
    - target: {fileID: 474114, guid: 5700d66aebc0ff8408a9be030e434797, type: 3}
      propertyPath: m_LocalPosition.z
      value: 6.99057
      objectReference: {fileID: 0}
    - target: {fileID: 474114, guid: 5700d66aebc0ff8408a9be030e434797, type: 3}
      propertyPath: m_LocalRotation.x
      value: -0
      objectReference: {fileID: 0}
    - target: {fileID: 474114, guid: 5700d66aebc0ff8408a9be030e434797, type: 3}
      propertyPath: m_LocalRotation.y
      value: -0
      objectReference: {fileID: 0}
    - target: {fileID: 474114, guid: 5700d66aebc0ff8408a9be030e434797, type: 3}
      propertyPath: m_LocalRotation.z
      value: -0
      objectReference: {fileID: 0}
    - target: {fileID: 474114, guid: 5700d66aebc0ff8408a9be030e434797, type: 3}
      propertyPath: m_LocalRotation.w
      value: 1
      objectReference: {fileID: 0}
    - target: {fileID: 474114, guid: 5700d66aebc0ff8408a9be030e434797, type: 3}
      propertyPath: m_RootOrder
      value: 7
      objectReference: {fileID: 0}
    m_RemovedComponents: []
  m_SourcePrefab: {fileID: 100100000, guid: 5700d66aebc0ff8408a9be030e434797, type: 3}
--- !u!4 &8452927070612346749 stripped
Transform:
  m_CorrespondingSourceObject: {fileID: 474114, guid: 5700d66aebc0ff8408a9be030e434797,
    type: 3}
  m_PrefabInstance: {fileID: 8452927070612679551}
  m_PrefabAsset: {fileID: 0}
--- !u!1001 &8452927070776816600
PrefabInstance:
  m_ObjectHideFlags: 0
  serializedVersion: 2
  m_Modification:
    m_TransformParent: {fileID: 7834283786839979006}
    m_Modifications:
    - target: {fileID: 495416, guid: daacf560f288eca4d95ae2745000dce3, type: 3}
      propertyPath: m_LocalPosition.x
      value: 32.899857
      objectReference: {fileID: 0}
    - target: {fileID: 495416, guid: daacf560f288eca4d95ae2745000dce3, type: 3}
      propertyPath: m_LocalPosition.y
      value: 102.062454
      objectReference: {fileID: 0}
    - target: {fileID: 495416, guid: daacf560f288eca4d95ae2745000dce3, type: 3}
      propertyPath: m_LocalPosition.z
      value: 166.99057
      objectReference: {fileID: 0}
    - target: {fileID: 495416, guid: daacf560f288eca4d95ae2745000dce3, type: 3}
      propertyPath: m_LocalRotation.x
      value: -0
      objectReference: {fileID: 0}
    - target: {fileID: 495416, guid: daacf560f288eca4d95ae2745000dce3, type: 3}
      propertyPath: m_LocalRotation.y
      value: -0
      objectReference: {fileID: 0}
    - target: {fileID: 495416, guid: daacf560f288eca4d95ae2745000dce3, type: 3}
      propertyPath: m_LocalRotation.z
      value: -0
      objectReference: {fileID: 0}
    - target: {fileID: 495416, guid: daacf560f288eca4d95ae2745000dce3, type: 3}
      propertyPath: m_LocalRotation.w
      value: 1
      objectReference: {fileID: 0}
    - target: {fileID: 495416, guid: daacf560f288eca4d95ae2745000dce3, type: 3}
      propertyPath: m_RootOrder
      value: 2
      objectReference: {fileID: 0}
    m_RemovedComponents: []
  m_SourcePrefab: {fileID: 100100000, guid: daacf560f288eca4d95ae2745000dce3, type: 3}
--- !u!4 &8452927070776392928 stripped
Transform:
  m_CorrespondingSourceObject: {fileID: 495416, guid: daacf560f288eca4d95ae2745000dce3,
    type: 3}
  m_PrefabInstance: {fileID: 8452927070776816600}
  m_PrefabAsset: {fileID: 0}
--- !u!1001 &8452927071148159781
PrefabInstance:
  m_ObjectHideFlags: 0
  serializedVersion: 2
  m_Modification:
    m_TransformParent: {fileID: 7834283786839979006}
    m_Modifications:
    - target: {fileID: 454118, guid: eaa7008022eea294c8a1908b158be2f1, type: 3}
      propertyPath: m_LocalPosition.x
      value: 32.899857
      objectReference: {fileID: 0}
    - target: {fileID: 454118, guid: eaa7008022eea294c8a1908b158be2f1, type: 3}
      propertyPath: m_LocalPosition.y
      value: 102.062454
      objectReference: {fileID: 0}
    - target: {fileID: 454118, guid: eaa7008022eea294c8a1908b158be2f1, type: 3}
      propertyPath: m_LocalPosition.z
      value: 6.99057
      objectReference: {fileID: 0}
    - target: {fileID: 454118, guid: eaa7008022eea294c8a1908b158be2f1, type: 3}
      propertyPath: m_LocalRotation.x
      value: -0
      objectReference: {fileID: 0}
    - target: {fileID: 454118, guid: eaa7008022eea294c8a1908b158be2f1, type: 3}
      propertyPath: m_LocalRotation.y
      value: -0
      objectReference: {fileID: 0}
    - target: {fileID: 454118, guid: eaa7008022eea294c8a1908b158be2f1, type: 3}
      propertyPath: m_LocalRotation.z
      value: -0
      objectReference: {fileID: 0}
    - target: {fileID: 454118, guid: eaa7008022eea294c8a1908b158be2f1, type: 3}
      propertyPath: m_LocalRotation.w
      value: 1
      objectReference: {fileID: 0}
    - target: {fileID: 454118, guid: eaa7008022eea294c8a1908b158be2f1, type: 3}
      propertyPath: m_RootOrder
      value: 0
      objectReference: {fileID: 0}
    m_RemovedComponents: []
  m_SourcePrefab: {fileID: 100100000, guid: eaa7008022eea294c8a1908b158be2f1, type: 3}
--- !u!4 &8452927071148531395 stripped
Transform:
  m_CorrespondingSourceObject: {fileID: 454118, guid: eaa7008022eea294c8a1908b158be2f1,
    type: 3}
  m_PrefabInstance: {fileID: 8452927071148159781}
  m_PrefabAsset: {fileID: 0}
--- !u!1001 &8452927071833123579
PrefabInstance:
  m_ObjectHideFlags: 0
  serializedVersion: 2
  m_Modification:
    m_TransformParent: {fileID: 7834283786839979006}
    m_Modifications:
    - target: {fileID: 417538, guid: ddb7443fe85862542a5db629cc6212b5, type: 3}
      propertyPath: m_LocalPosition.x
      value: -47.100143
      objectReference: {fileID: 0}
    - target: {fileID: 417538, guid: ddb7443fe85862542a5db629cc6212b5, type: 3}
      propertyPath: m_LocalPosition.y
      value: 102.062454
      objectReference: {fileID: 0}
    - target: {fileID: 417538, guid: ddb7443fe85862542a5db629cc6212b5, type: 3}
      propertyPath: m_LocalPosition.z
      value: 6.99057
      objectReference: {fileID: 0}
    - target: {fileID: 417538, guid: ddb7443fe85862542a5db629cc6212b5, type: 3}
      propertyPath: m_LocalRotation.x
      value: -0
      objectReference: {fileID: 0}
    - target: {fileID: 417538, guid: ddb7443fe85862542a5db629cc6212b5, type: 3}
      propertyPath: m_LocalRotation.y
      value: -0
      objectReference: {fileID: 0}
    - target: {fileID: 417538, guid: ddb7443fe85862542a5db629cc6212b5, type: 3}
      propertyPath: m_LocalRotation.z
      value: -0
      objectReference: {fileID: 0}
    - target: {fileID: 417538, guid: ddb7443fe85862542a5db629cc6212b5, type: 3}
      propertyPath: m_LocalRotation.w
      value: 1
      objectReference: {fileID: 0}
    - target: {fileID: 417538, guid: ddb7443fe85862542a5db629cc6212b5, type: 3}
      propertyPath: m_RootOrder
      value: 3
      objectReference: {fileID: 0}
    m_RemovedComponents: []
  m_SourcePrefab: {fileID: 100100000, guid: ddb7443fe85862542a5db629cc6212b5, type: 3}
--- !u!4 &8452927071832978937 stripped
Transform:
  m_CorrespondingSourceObject: {fileID: 417538, guid: ddb7443fe85862542a5db629cc6212b5,
    type: 3}
  m_PrefabInstance: {fileID: 8452927071833123579}
  m_PrefabAsset: {fileID: 0}
--- !u!1001 &8452927071930071469
PrefabInstance:
  m_ObjectHideFlags: 0
  serializedVersion: 2
  m_Modification:
    m_TransformParent: {fileID: 7834283786839979006}
    m_Modifications:
    - target: {fileID: 489706, guid: b65a64fb15c46314caaf7fb49e78f42d, type: 3}
      propertyPath: m_LocalPosition.x
      value: 32.899857
      objectReference: {fileID: 0}
    - target: {fileID: 489706, guid: b65a64fb15c46314caaf7fb49e78f42d, type: 3}
      propertyPath: m_LocalPosition.y
      value: 102.062454
      objectReference: {fileID: 0}
    - target: {fileID: 489706, guid: b65a64fb15c46314caaf7fb49e78f42d, type: 3}
      propertyPath: m_LocalPosition.z
      value: 96.99057
      objectReference: {fileID: 0}
    - target: {fileID: 489706, guid: b65a64fb15c46314caaf7fb49e78f42d, type: 3}
      propertyPath: m_LocalRotation.x
      value: -0
      objectReference: {fileID: 0}
    - target: {fileID: 489706, guid: b65a64fb15c46314caaf7fb49e78f42d, type: 3}
      propertyPath: m_LocalRotation.y
      value: -0
      objectReference: {fileID: 0}
    - target: {fileID: 489706, guid: b65a64fb15c46314caaf7fb49e78f42d, type: 3}
      propertyPath: m_LocalRotation.z
      value: -0
      objectReference: {fileID: 0}
    - target: {fileID: 489706, guid: b65a64fb15c46314caaf7fb49e78f42d, type: 3}
      propertyPath: m_LocalRotation.w
      value: 1
      objectReference: {fileID: 0}
    - target: {fileID: 489706, guid: b65a64fb15c46314caaf7fb49e78f42d, type: 3}
      propertyPath: m_RootOrder
      value: 1
      objectReference: {fileID: 0}
    m_RemovedComponents: []
  m_SourcePrefab: {fileID: 100100000, guid: b65a64fb15c46314caaf7fb49e78f42d, type: 3}
--- !u!4 &8452927071930007879 stripped
Transform:
  m_CorrespondingSourceObject: {fileID: 489706, guid: b65a64fb15c46314caaf7fb49e78f42d,
    type: 3}
  m_PrefabInstance: {fileID: 8452927071930071469}
  m_PrefabAsset: {fileID: 0}
--- !u!1001 &8452927071976243307
PrefabInstance:
  m_ObjectHideFlags: 0
  serializedVersion: 2
  m_Modification:
    m_TransformParent: {fileID: 7834283786839979006}
    m_Modifications:
    - target: {fileID: 481502, guid: 32b866662c594944f826315f7a3fd4a1, type: 3}
      propertyPath: m_LocalPosition.x
      value: -177.10014
      objectReference: {fileID: 0}
    - target: {fileID: 481502, guid: 32b866662c594944f826315f7a3fd4a1, type: 3}
      propertyPath: m_LocalPosition.y
      value: 102.062454
      objectReference: {fileID: 0}
    - target: {fileID: 481502, guid: 32b866662c594944f826315f7a3fd4a1, type: 3}
      propertyPath: m_LocalPosition.z
      value: 56.99057
      objectReference: {fileID: 0}
    - target: {fileID: 481502, guid: 32b866662c594944f826315f7a3fd4a1, type: 3}
      propertyPath: m_LocalRotation.x
      value: -0
      objectReference: {fileID: 0}
    - target: {fileID: 481502, guid: 32b866662c594944f826315f7a3fd4a1, type: 3}
      propertyPath: m_LocalRotation.y
      value: -0
      objectReference: {fileID: 0}
    - target: {fileID: 481502, guid: 32b866662c594944f826315f7a3fd4a1, type: 3}
      propertyPath: m_LocalRotation.z
      value: -0
      objectReference: {fileID: 0}
    - target: {fileID: 481502, guid: 32b866662c594944f826315f7a3fd4a1, type: 3}
      propertyPath: m_LocalRotation.w
      value: 1
      objectReference: {fileID: 0}
    - target: {fileID: 481502, guid: 32b866662c594944f826315f7a3fd4a1, type: 3}
      propertyPath: m_RootOrder
      value: 8
      objectReference: {fileID: 0}
    m_RemovedComponents: []
  m_SourcePrefab: {fileID: 100100000, guid: 32b866662c594944f826315f7a3fd4a1, type: 3}
--- !u!4 &8452927071976036533 stripped
Transform:
  m_CorrespondingSourceObject: {fileID: 481502, guid: 32b866662c594944f826315f7a3fd4a1,
    type: 3}
  m_PrefabInstance: {fileID: 8452927071976243307}
  m_PrefabAsset: {fileID: 0}
--- !u!1001 &8452927071995899655
PrefabInstance:
  m_ObjectHideFlags: 0
  serializedVersion: 2
  m_Modification:
    m_TransformParent: {fileID: 7834283786839979006}
    m_Modifications:
    - target: {fileID: 499696, guid: 44609948e676ac741af1c74bacf633e8, type: 3}
      propertyPath: m_LocalPosition.x
      value: -117.10014
      objectReference: {fileID: 0}
    - target: {fileID: 499696, guid: 44609948e676ac741af1c74bacf633e8, type: 3}
      propertyPath: m_LocalPosition.y
      value: 102.062454
      objectReference: {fileID: 0}
    - target: {fileID: 499696, guid: 44609948e676ac741af1c74bacf633e8, type: 3}
      propertyPath: m_LocalPosition.z
      value: 56.99057
      objectReference: {fileID: 0}
    - target: {fileID: 499696, guid: 44609948e676ac741af1c74bacf633e8, type: 3}
      propertyPath: m_LocalRotation.x
      value: -0
      objectReference: {fileID: 0}
    - target: {fileID: 499696, guid: 44609948e676ac741af1c74bacf633e8, type: 3}
      propertyPath: m_LocalRotation.y
      value: -0
      objectReference: {fileID: 0}
    - target: {fileID: 499696, guid: 44609948e676ac741af1c74bacf633e8, type: 3}
      propertyPath: m_LocalRotation.z
      value: -0
      objectReference: {fileID: 0}
    - target: {fileID: 499696, guid: 44609948e676ac741af1c74bacf633e8, type: 3}
      propertyPath: m_LocalRotation.w
      value: 1
      objectReference: {fileID: 0}
    - target: {fileID: 499696, guid: 44609948e676ac741af1c74bacf633e8, type: 3}
      propertyPath: m_RootOrder
      value: 6
      objectReference: {fileID: 0}
    m_RemovedComponents: []
  m_SourcePrefab: {fileID: 100100000, guid: 44609948e676ac741af1c74bacf633e8, type: 3}
--- !u!4 &8452927071996260599 stripped
Transform:
  m_CorrespondingSourceObject: {fileID: 499696, guid: 44609948e676ac741af1c74bacf633e8,
    type: 3}
  m_PrefabInstance: {fileID: 8452927071995899655}
  m_PrefabAsset: {fileID: 0}
--- !u!1001 &8452927072102691950
PrefabInstance:
  m_ObjectHideFlags: 0
  serializedVersion: 2
  m_Modification:
    m_TransformParent: {fileID: 7834283786839979006}
    m_Modifications:
    - target: {fileID: 476702, guid: 31865bbae395cb64f84b269e7acec5b6, type: 3}
      propertyPath: m_LocalPosition.x
      value: -177.10014
      objectReference: {fileID: 0}
    - target: {fileID: 476702, guid: 31865bbae395cb64f84b269e7acec5b6, type: 3}
      propertyPath: m_LocalPosition.y
      value: 102.062454
      objectReference: {fileID: 0}
    - target: {fileID: 476702, guid: 31865bbae395cb64f84b269e7acec5b6, type: 3}
      propertyPath: m_LocalPosition.z
      value: 106.99057
      objectReference: {fileID: 0}
    - target: {fileID: 476702, guid: 31865bbae395cb64f84b269e7acec5b6, type: 3}
      propertyPath: m_LocalRotation.x
      value: -0
      objectReference: {fileID: 0}
    - target: {fileID: 476702, guid: 31865bbae395cb64f84b269e7acec5b6, type: 3}
      propertyPath: m_LocalRotation.y
      value: -0
      objectReference: {fileID: 0}
    - target: {fileID: 476702, guid: 31865bbae395cb64f84b269e7acec5b6, type: 3}
      propertyPath: m_LocalRotation.z
      value: -0
      objectReference: {fileID: 0}
    - target: {fileID: 476702, guid: 31865bbae395cb64f84b269e7acec5b6, type: 3}
      propertyPath: m_LocalRotation.w
      value: 1
      objectReference: {fileID: 0}
    - target: {fileID: 476702, guid: 31865bbae395cb64f84b269e7acec5b6, type: 3}
      propertyPath: m_RootOrder
      value: 9
      objectReference: {fileID: 0}
    m_RemovedComponents: []
  m_SourcePrefab: {fileID: 100100000, guid: 31865bbae395cb64f84b269e7acec5b6, type: 3}
--- !u!4 &8452927072102380144 stripped
Transform:
  m_CorrespondingSourceObject: {fileID: 476702, guid: 31865bbae395cb64f84b269e7acec5b6,
    type: 3}
  m_PrefabInstance: {fileID: 8452927072102691950}
  m_PrefabAsset: {fileID: 0}
--- !u!1001 &8452927072110430973
PrefabInstance:
  m_ObjectHideFlags: 0
  serializedVersion: 2
  m_Modification:
    m_TransformParent: {fileID: 7834283786839979006}
    m_Modifications:
    - target: {fileID: 424334, guid: d30455ed977046e4b8fb1afe67d2e30b, type: 3}
      propertyPath: m_LocalPosition.x
      value: -117.10014
      objectReference: {fileID: 0}
    - target: {fileID: 424334, guid: d30455ed977046e4b8fb1afe67d2e30b, type: 3}
      propertyPath: m_LocalPosition.y
      value: 102.062454
      objectReference: {fileID: 0}
    - target: {fileID: 424334, guid: d30455ed977046e4b8fb1afe67d2e30b, type: 3}
      propertyPath: m_LocalPosition.z
      value: 106.99057
      objectReference: {fileID: 0}
    - target: {fileID: 424334, guid: d30455ed977046e4b8fb1afe67d2e30b, type: 3}
      propertyPath: m_LocalRotation.x
      value: -0
      objectReference: {fileID: 0}
    - target: {fileID: 424334, guid: d30455ed977046e4b8fb1afe67d2e30b, type: 3}
      propertyPath: m_LocalRotation.y
      value: -0
      objectReference: {fileID: 0}
    - target: {fileID: 424334, guid: d30455ed977046e4b8fb1afe67d2e30b, type: 3}
      propertyPath: m_LocalRotation.z
      value: -0
      objectReference: {fileID: 0}
    - target: {fileID: 424334, guid: d30455ed977046e4b8fb1afe67d2e30b, type: 3}
      propertyPath: m_LocalRotation.w
      value: 1
      objectReference: {fileID: 0}
    - target: {fileID: 424334, guid: d30455ed977046e4b8fb1afe67d2e30b, type: 3}
      propertyPath: m_RootOrder
      value: 5
      objectReference: {fileID: 0}
    m_RemovedComponents: []
  m_SourcePrefab: {fileID: 100100000, guid: d30455ed977046e4b8fb1afe67d2e30b, type: 3}
--- !u!4 &8452927072110293875 stripped
Transform:
  m_CorrespondingSourceObject: {fileID: 424334, guid: d30455ed977046e4b8fb1afe67d2e30b,
    type: 3}
  m_PrefabInstance: {fileID: 8452927072110430973}
  m_PrefabAsset: {fileID: 0}
